@MISC{doe: website
      AUTHOR = "Лекторий ФПМИ"
      TITLE  = "ютуб канал с записями лекций",
      MONTH  = dec,
      YEAR   = 2021-2023,
      NOTE   = "url{https://www.youtube.com/lectory_fpmi}"
}

@MISC{doe: website
      AUTHOR = "Савватеев Алейксей Владимирович",
      TITLE  = "ютуб канал с видео про математику",
      MONTH  = dec,
      YEAR   = 2021-2023,
      NOTE   = "url{https://www.youtube.com/user-rb8ux1no6j}"

@BOOK {KerniganRichi
    AUTHOR      = "Brian W. Kernigan, Dennis M. Ritchie ",
    TITLE       = "THE C PROGRAMMING LANGUAGE",
    address     = "Murray Hill, New Jersey",
    publisher   = "",
    YEAR        = 2020, 
    numpages    = 288,
    language    = "russian"
}

